@article{Jiang2017BAS,
  title={BAS: Beetle Antennae Search Algorithm for Optimization Problems},
  author={Jiang Xiangyuan, Li Shuai},
  journal={arXiv},
  year={2017},
}
@article{Wang2018BSAS,
  title={BSAS: Beetle Swarm Antennae Search Algorithm for Optimization Problems},
  author={Wang Jiangyu, Chen Huanxin},
  journal={arXiv},
  year={2018},
}
@article{Jiangwpt,
  title={Beetle Antennae Search without Parameter Tuning (BAS-WPT) for Multi-objective Optimization},
  author={Jiang Xiangyuan, Li Shuai},
  journal={arXiv},
  year={2017},
}
@article{Wang2018BSO,
  title={Beetle Swarm Optimization Algorithm:Theory and Application},
  author={Wang Tiantian, Yang Long, Liu Qiang},
  journal={arXiv},
  year={2018},
}
